<?xml version="1.0" encoding="UTF-8"?><record xmlns="http://www.loc.gov/MARC21/slim" xmlns:cinclude="http://apache.org/cocoon/include/1.0" xmlns:zs="http://www.loc.gov/zing/srw/">
  <leader>00687cz  a2200121n  4500</leader>
  <controlfield tag="001">n 2009005952</controlfield>
  <controlfield tag="003">DLC</controlfield>
  <controlfield tag="005">20090130075142.0</controlfield>
  <controlfield tag="008">090129n| acannaabn          |n aaa      </controlfield>
  <datafield tag="010" ind1=" " ind2=" ">
    <subfield code="a">n 2009005952</subfield>
  </datafield>
  <datafield tag="040" ind1=" " ind2=" ">
    <subfield code="a">DLC</subfield>
    <subfield code="b">eng</subfield>
    <subfield code="c">DLC</subfield>
  </datafield>
  <datafield tag="100" ind1="1" ind2=" ">
    <subfield code="a">Brown, Jeff,</subfield>
    <subfield code="d">1962-</subfield>
  </datafield>
  <datafield tag="670" ind1=" " ind2=" ">
    <subfield code="a">His Soulshaping, c2009:</subfield>
    <subfield code="b">ECIP t.p. (Jeff Brown) galley, etc. (b. 1962; has run his own businesses since age 19; admitted to the bar in 1993 in Ontario, Canada, after apprenticing with Canada's top criminal lawyer; chose not to practice, instead began journey to actualize his truth path in life, including healing workshops, 3 yrs. at bioenergetic training program in Toronto, part-time stint as body-centered psychotherapist)</subfield>
  </datafield>
</record>